%% This document is a Raweb export of HAL publication %%
 %% Publication year >= "2018" to "2019", Structure name or id is : "239954;491189", Tutelles : "inria"
 %% 

 %% 
@inproceedings{rio:hal-01913169,
  TITLE = {{Efficient use of local energy: An activity oriented modeling to guide Demand Side Management}},
  AUTHOR = {Rio, Alexandre and Maurel, Yoann and Barais, Olivier and Bugni, Yoran},
  BOOKTITLE = {{MODELS 2018 - 21th ACM/IEEE International Conference on Model Driven Engineering Languages and Systems}},
  ADDRESS = {Copenhagen, Denmark},
  PUBLISHER = {{ACM Press}},
  PAGES = {458-468},
  YEAR = {2018},
  MONTH = Oct,
  DOI = {10.1145/3239372.3239391},
  URL = {https://hal.archives-ouvertes.fr/hal-01913169},
  PDF = {https://hal.archives-ouvertes.fr/hal-01913169/document},
  HAL_ID = {hal-01913169},
  HAL_VERSION = {v1},
  X-PROCEEDINGS = {no},
  X-INTERNATIONAL-AUDIENCE = {yes},
  X-EDITORIAL-BOARD = {yes},
  X-INVITED-CONFERENCE = {no},
  X-SCIENTIFIC-POPULARIZATION = {no},
}
 %% 
@article{blouin:hal-01499106,
  TITLE = {{User Interface Design Smell: Automatic Detection and Refactoring of Blob Listeners}},
  AUTHOR = {Blouin, Arnaud and Lelli, Valéria and Baudry, Benoit and Coulon, Fabien},
  JOURNAL = {{Information and Software Technology}},
  PUBLISHER = {{Elsevier}},
  VOLUME = {102},
  PAGES = {49-64},
  YEAR = {2018},
  MONTH = May,
  DOI = {10.1016/j.infsof.2018.05.005},
  URL = {https://hal.inria.fr/hal-01499106},
  PDF = {https://hal.inria.fr/hal-01499106v5/document},
  HAL_ID = {hal-01499106},
  HAL_VERSION = {v5},
  X-INTERNATIONAL-AUDIENCE = {yes},
  X-EDITORIAL-BOARD = {yes},
  X-SCIENTIFIC-POPULARIZATION = {no},
}
 %% 
@inproceedings{mouline:hal-01862964,
  TITLE = {{A Temporal Model for Interactive Diagnosis of Adaptive Systems}},
  AUTHOR = {Mouline, Ludovic and Benelallam, Amine and Fouquet, François and Bourcier, Johann and Barais, Olivier},
  BOOKTITLE = {{ICAC 2018 - IEEE International Conference on Autonomic Computing}},
  ADDRESS = {Trento, Italy},
  PAGES = {1-6},
  YEAR = {2018},
  MONTH = Sep,
  URL = {https://hal.inria.fr/hal-01862964},
  PDF = {https://hal.inria.fr/hal-01862964/document},
  HAL_ID = {hal-01862964},
  HAL_VERSION = {v1},
  X-PROCEEDINGS = {yes},
  X-INTERNATIONAL-AUDIENCE = {yes},
  X-EDITORIAL-BOARD = {yes},
  X-INVITED-CONFERENCE = {no},
  X-SCIENTIFIC-POPULARIZATION = {no},
}
 %% 
@inproceedings{bruel:hal-01910113,
  TITLE = {{Model Transformation Reuse across Metamodels - A classification and comparison of approaches}},
  AUTHOR = {Bruel, Jean-Michel and Combemale, Benoit and Guerra, Esther and Jézéquel, Jean-Marc and Kienzle, Jörg and De Lara, Juan and Mussbacher, Gunter and Syriani, Eugene and Vangheluwe, Hans},
  BOOKTITLE = {{ICMT 2018 - International Conference on Theory and Practice of Model Transformations}},
  ADDRESS = {Toulouse, France},
  PUBLISHER = {{Springer}},
  SERIES = {LNCS},
  VOLUME = {10888},
  PAGES = {92-109},
  YEAR = {2018},
  MONTH = Jun,
  DOI = {10.1007/978-3-319-93317-7\_4},
  URL = {https://hal.inria.fr/hal-01910113},
  PDF = {https://hal.inria.fr/hal-01910113/document},
  HAL_ID = {hal-01910113},
  HAL_VERSION = {v1},
  X-PROCEEDINGS = {yes},
  X-INTERNATIONAL-AUDIENCE = {yes},
  X-EDITORIAL-BOARD = {yes},
  X-INVITED-CONFERENCE = {no},
  X-SCIENTIFIC-POPULARIZATION = {no},
}
 %% 
@inproceedings{acher:hal-01829933,
  TITLE = {{Teaching Software Product Lines: A Snapshot of Current Practices and Challenges (Journal-First Abstract)}},
  AUTHOR = {Acher, Mathieu and Lopez-Herrejon, Roberto E and Rabiser, Rick},
  BOOKTITLE = {{SPLC2018 - 22nd International Systems and Software Product Line Conference}},
  ADDRESS = {Gothenburg, Sweden},
  PAGES = {1},
  YEAR = {2018},
  MONTH = Sep,
  URL = {https://hal.inria.fr/hal-01829933},
  HAL_ID = {hal-01829933},
  HAL_VERSION = {v1},
  X-PROCEEDINGS = {yes},
  X-INTERNATIONAL-AUDIENCE = {yes},
  X-EDITORIAL-BOARD = {yes},
  X-INVITED-CONFERENCE = {no},
  X-SCIENTIFIC-POPULARIZATION = {no},
}
 %% 
@inproceedings{veraperez:hal-01870976,
  TITLE = {{Descartes: a PITest engine to detect pseudo-tested methods - tool demonstration}},
  AUTHOR = {Vera-Pérez, Oscar Luis and Monperrus, Martin and Baudry, Benoit},
  BOOKTITLE = {{ASE 2018 - 33rd ACM/IEEE International Conference on Automated Software Engineering}},
  ADDRESS = {Montpellier, France},
  PUBLISHER = {{ACM Press}},
  PAGES = {908-911},
  YEAR = {2018},
  MONTH = Sep,
  DOI = {10.1145/3238147.3240474},
  URL = {https://hal.inria.fr/hal-01870976},
  PDF = {https://hal.inria.fr/hal-01870976/document},
  HAL_ID = {hal-01870976},
  HAL_VERSION = {v1},
  X-PROCEEDINGS = {yes},
  X-INTERNATIONAL-AUDIENCE = {yes},
  X-EDITORIAL-BOARD = {yes},
  X-INVITED-CONFERENCE = {no},
  X-SCIENTIFIC-POPULARIZATION = {no},
}
 %% 
@inproceedings{dartois:hal-01898438,
  TITLE = {{Using Quantile Regression for Reclaiming Unused Cloud Resources while achieving SLA}},
  AUTHOR = {Dartois, Jean-Emile and Knefati, Anas and Boukhobza, Jalil and Barais, Olivier},
  BOOKTITLE = {{CloudCom 2018 - 10th IEEE International Conference on Cloud Computing Technology and Science}},
  ADDRESS = {Nicosia, Cyprus},
  PUBLISHER = {{IEEE}},
  PAGES = {1-10},
  YEAR = {2018},
  MONTH = Dec,
  URL = {https://hal.inria.fr/hal-01898438},
  PDF = {https://hal.inria.fr/hal-01898438/document},
  HAL_ID = {hal-01898438},
  HAL_VERSION = {v1},
  X-PROCEEDINGS = {yes},
  X-INTERNATIONAL-AUDIENCE = {yes},
  X-EDITORIAL-BOARD = {yes},
  X-INVITED-CONFERENCE = {no},
  X-SCIENTIFIC-POPULARIZATION = {no},
}
 %% 
@inproceedings{gomezboix:hal-01718234,
  TITLE = {{Hiding in the Crowd: an Analysis of the Effectiveness of Browser Fingerprinting at Large Scale}},
  AUTHOR = {Gómez-Boix, Alejandro and Laperdrix, Pierre and Baudry, Benoit},
  BOOKTITLE = {{WWW2018 - TheWebConf 2018 : 27th International World Wide Web Conference}},
  ADDRESS = {Lyon, France},
  PAGES = {1-10},
  YEAR = {2018},
  MONTH = Apr,
  DOI = {10.1145/3178876.3186097},
  URL = {https://hal.inria.fr/hal-01718234},
  PDF = {https://hal.inria.fr/hal-01718234v2/document},
  HAL_ID = {hal-01718234},
  HAL_VERSION = {v2},
  X-PROCEEDINGS = {yes},
  X-INTERNATIONAL-AUDIENCE = {yes},
  X-EDITORIAL-BOARD = {yes},
  X-INVITED-CONFERENCE = {no},
  X-SCIENTIFIC-POPULARIZATION = {no},
}
 %% 
@inproceedings{coulon:hal-01889155,
  TITLE = {{Shape-Diverse DSLs: Languages without Borders (Vision Paper)}},
  AUTHOR = {Coulon, Fabien and Degueule, Thomas and  Van Der Storm, Tijs and Combemale, Benoit},
  BOOKTITLE = {{SLE 2018 - 11th ACM SGIPLAN International Conference on Software Language Engineering}},
  ADDRESS = {Boston, United States},
  PUBLISHER = {{ACM}},
  PAGES = {215-219},
  YEAR = {2018},
  MONTH = Nov,
  DOI = {10.1145/3276604.3276623},
  URL = {https://hal.archives-ouvertes.fr/hal-01889155},
  PDF = {https://hal.archives-ouvertes.fr/hal-01889155/document},
  HAL_ID = {hal-01889155},
  HAL_VERSION = {v1},
  X-PROCEEDINGS = {yes},
  X-INTERNATIONAL-AUDIENCE = {yes},
  X-EDITORIAL-BOARD = {yes},
  X-INVITED-CONFERENCE = {no},
  X-SCIENTIFIC-POPULARIZATION = {no},
}
 %% 
@inproceedings{temple:hal-01730163,
  TITLE = {{Multimorphic Testing}},
  AUTHOR = {Temple, Paul and Acher, Mathieu and Jézéquel, Jean-Marc},
  BOOKTITLE = {{ICSE '18 - ACM/IEEE 40th International Conference on Software Engineering}},
  ADDRESS = {Gothenburg, Sweden},
  PAGES = {1-2},
  YEAR = {2018},
  MONTH = May,
  DOI = {10.1145/3183440.3195043},
  URL = {https://hal.inria.fr/hal-01730163},
  PDF = {https://hal.inria.fr/hal-01730163v2/document},
  HAL_ID = {hal-01730163},
  HAL_VERSION = {v2},
  X-PROCEEDINGS = {yes},
  X-INTERNATIONAL-AUDIENCE = {yes},
  X-EDITORIAL-BOARD = {yes},
  X-INVITED-CONFERENCE = {no},
  X-SCIENTIFIC-POPULARIZATION = {no},
}
 %% 
@inproceedings{sotovalero:hal-01763369,
  TITLE = {{Detection and Analysis of Behavioral T-patterns in Debugging Activities}},
  AUTHOR = {Soto-Valero, César and Bourcier, Johann and Baudry, Benoit},
  BOOKTITLE = {{MSR 2018 - Mining Software Repositories}},
  ADDRESS = {Gothenburg, Sweden},
  PAGES = {1-4},
  YEAR = {2018},
  MONTH = May,
  DOI = {10.1145/3196398.3196452},
  URL = {https://hal.inria.fr/hal-01763369},
  PDF = {https://hal.inria.fr/hal-01763369/document},
  HAL_ID = {hal-01763369},
  HAL_VERSION = {v1},
  X-PROCEEDINGS = {yes},
  X-INTERNATIONAL-AUDIENCE = {yes},
  X-EDITORIAL-BOARD = {yes},
  X-INVITED-CONFERENCE = {no},
  X-SCIENTIFIC-POPULARIZATION = {no},
}
 %% 
@inproceedings{mouline:hal-01723451,
  TITLE = {{Enabling Temporal-Aware Contexts for Adaptative Distributed Systems Temporal Context Representation System updates}},
  AUTHOR = {Mouline, Ludovic and Benelallam, Amine and Hartmann, Thomas and Fouquet, François and Bourcier, Johann and Morin, Brice and Barais, Olivier},
  BOOKTITLE = {{SAC 2018 - The 33rd ACM/SIGAPP Symposium On Applied Computing}},
  ADDRESS = {Pau, France},
  SERIES = {SAC 2018: SAC 2018: Symposium on Applied Computing , April 9--13, 2018, Pau, France},
  PAGES = {1-8},
  YEAR = {2018},
  MONTH = Apr,
  DOI = {10.1145/3167132.3167286},
  URL = {https://hal.inria.fr/hal-01723451},
  PDF = {https://hal.inria.fr/hal-01723451/document},
  HAL_ID = {hal-01723451},
  HAL_VERSION = {v1},
  X-PROCEEDINGS = {yes},
  X-INTERNATIONAL-AUDIENCE = {yes},
  X-EDITORIAL-BOARD = {yes},
  X-INVITED-CONFERENCE = {no},
  X-SCIENTIFIC-POPULARIZATION = {no},
}
 %% 
@inproceedings{leroy:hal-01803031,
  TITLE = {{Trace Comprehension Operators for Executable DSLs}},
  AUTHOR = {Leroy, Dorian and Bousse, Erwan and Megna, Anaël and Combemale, Benoit and Wimmer, Manuel},
  BOOKTITLE = {{ECMFA 2018 - 14th European Conference on Modelling Foundations and Applications}},
  ADDRESS = {Toulouse, France},
  PUBLISHER = {{Springer}},
  SERIES = {LNCS},
  VOLUME = {10890},
  PAGES = {293-310},
  YEAR = {2018},
  MONTH = Jun,
  DOI = {10.1007/978-3-319-92997-2\_19},
  URL = {https://hal.inria.fr/hal-01803031},
  PDF = {https://hal.inria.fr/hal-01803031/document},
  HAL_ID = {hal-01803031},
  HAL_VERSION = {v1},
  X-PROCEEDINGS = {no},
  X-INTERNATIONAL-AUDIENCE = {yes},
  X-EDITORIAL-BOARD = {yes},
  X-INVITED-CONFERENCE = {no},
  X-SCIENTIFIC-POPULARIZATION = {no},
}
 %% 
@inproceedings{lelandais:hal-01910139,
  TITLE = {{Fostering metamodels and grammars within a dedicated environment for HPC: the NabLab environment (tool demo)}},
  AUTHOR = {Lelandais, Benoît and Oudot, Marie-Pierre and Combemale, Benoit},
  BOOKTITLE = {{SLE 2018 - International Conference on Software Language Engineering}},
  ADDRESS = {Boston, United States},
  PAGES = {1-9},
  YEAR = {2018},
  MONTH = Nov,
  DOI = {10.1145/3276604.3276620},
  URL = {https://hal.inria.fr/hal-01910139},
  PDF = {https://hal.inria.fr/hal-01910139/document},
  HAL_ID = {hal-01910139},
  HAL_VERSION = {v1},
  X-PROCEEDINGS = {yes},
  X-INTERNATIONAL-AUDIENCE = {yes},
  X-EDITORIAL-BOARD = {yes},
  X-INVITED-CONFERENCE = {no},
  X-SCIENTIFIC-POPULARIZATION = {no},
}
 %% 
@article{combemale:hal-01803008,
  TITLE = {{Concern-Oriented Language Development (COLD): Fostering Reuse in Language Engineering}},
  AUTHOR = {Combemale, Benoit and Kienzle, Jörg and Mussbacher, Gunter and Barais, Olivier and Bousse, Erwan and Cazzola, Walter and Collet, Philippe and Degueule, Thomas and Heinrich, Robert and Jézéquel, Jean-Marc and Leduc, Manuel and Mayerhofer, Tanja and Mosser, Sébastien and Schöttle, Matthias and Strittmatter, Misha and Wortmann, Andreas},
  JOURNAL = {{Computer Languages, Systems and Structures}},
  PUBLISHER = {{Elsevier}},
  VOLUME = {54},
  PAGES = {139-155},
  YEAR = {2018},
  DOI = {10.1016/j.cl.2018.05.004},
  URL = {https://hal.archives-ouvertes.fr/hal-01803008},
  PDF = {https://hal.archives-ouvertes.fr/hal-01803008/document},
  HAL_ID = {hal-01803008},
  HAL_VERSION = {v1},
  X-INTERNATIONAL-AUDIENCE = {yes},
  X-EDITORIAL-BOARD = {yes},
  X-SCIENTIFIC-POPULARIZATION = {no},
}
 %% 
@article{lemoulec:hal-01549042,
  TITLE = {{Automatic Production of End User Documentation for DSLs}},
  AUTHOR = {Le Moulec, Gwendal and Blouin, Arnaud and Gouranton, Valérie and Arnaldi, Bruno},
  JOURNAL = {{Computer Languages, Systems and Structures}},
  PUBLISHER = {{Elsevier}},
  VOLUME = {54},
  PAGES = {337-357},
  YEAR = {2018},
  MONTH = Jul,
  DOI = {10.1016/j.cl.2018.07.006},
  URL = {https://hal.inria.fr/hal-01549042},
  X-TOAPPEAR_NOTE = {yes},
  NOTE = {Accepted for publication in COMLAN.},
  PDF = {https://hal.inria.fr/hal-01549042v3/document},
  HAL_ID = {hal-01549042},
  HAL_VERSION = {v3},
  X-INTERNATIONAL-AUDIENCE = {yes},
  X-EDITORIAL-BOARD = {yes},
  X-SCIENTIFIC-POPULARIZATION = {no},
}
 %% 
@inproceedings{acher:hal-01659161,
  TITLE = {{VaryLaTeX: Learning Paper Variants That Meet Constraints}},
  AUTHOR = {Acher, Mathieu and Temple, Paul and Jezequel, Jean-Marc and Galindo Duarte, Jos\'e \'Angel and Martinez, Jabier and Ziadi, Tewfik},
  BOOKTITLE = {{VaMoS 2018 - 12th International Workshop on Variability Modelling of Software-Intensive Systems}},
  ADDRESS = {Madrid, Spain},
  PUBLISHER = {{ACM}},
  PAGES = {83-88},
  YEAR = {2018},
  MONTH = Feb,
  DOI = {10.1145/3168365.3168372},
  URL = {https://hal.inria.fr/hal-01659161},
  PDF = {https://hal.inria.fr/hal-01659161/document},
  HAL_ID = {hal-01659161},
  HAL_VERSION = {v1},
  X-PROCEEDINGS = {yes},
  X-INTERNATIONAL-AUDIENCE = {yes},
  X-EDITORIAL-BOARD = {yes},
  X-INVITED-CONFERENCE = {no},
  X-SCIENTIFIC-POPULARIZATION = {no},
}
 %% 
@inproceedings{martinez:hal-01720519,
  TITLE = {{Towards Estimating and Predicting User Perception on Software Product Variants}},
  AUTHOR = {Martinez, Jabier and Sottet, Jean-Sébastien and García Frey, Alfonso and Bissyandé, Tegawendé and Ziadi, Tewfik and Klein, Jacques and Temple, Paul and Acher, Mathieu and Le Traon, Yves},
  BOOKTITLE = {{ICSR 2018 - International Conference on Software Reuse}},
  ADDRESS = {Madrid, Spain},
  PUBLISHER = {{Springer}},
  SERIES = {LNCS},
  VOLUME = {10826},
  PAGES = {23-40},
  YEAR = {2018},
  MONTH = May,
  DOI = {10.1007/978-3-319-90421-4\_2},
  URL = {https://hal.sorbonne-universite.fr/hal-01720519},
  PDF = {https://hal.sorbonne-universite.fr/hal-01720519/document},
  HAL_ID = {hal-01720519},
  HAL_VERSION = {v1},
  X-PROCEEDINGS = {no},
  X-INTERNATIONAL-AUDIENCE = {yes},
  X-EDITORIAL-BOARD = {yes},
  X-INVITED-CONFERENCE = {no},
  X-SCIENTIFIC-POPULARIZATION = {no},
}
 %% 
@inproceedings{leduc:hal-01890446,
  TITLE = {{Modular Language Composition for the Masses}},
  AUTHOR = {Leduc, Manuel and Degueule, Thomas and Combemale, Benoit},
  BOOKTITLE = {{SLE 2018 - 11th ACM SIGPLAN International Conference on Software Language Engineering}},
  ADDRESS = {Boston, United States},
  PAGES = {1-12},
  YEAR = {2018},
  MONTH = Nov,
  DOI = {10.1145/3276604.3276622},
  URL = {https://hal.inria.fr/hal-01890446},
  PDF = {https://hal.inria.fr/hal-01890446/document},
  HAL_ID = {hal-01890446},
  HAL_VERSION = {v1},
  X-PROCEEDINGS = {yes},
  X-INTERNATIONAL-AUDIENCE = {yes},
  X-EDITORIAL-BOARD = {yes},
  X-INVITED-CONFERENCE = {no},
  X-SCIENTIFIC-POPULARIZATION = {no},
}
 %% 
@inproceedings{vastel:hal-01652021,
  TITLE = {{FP-STALKER: Tracking Browser Fingerprint Evolutions}},
  AUTHOR = {Vastel, Antoine and Laperdrix, Pierre and Rudametkin, Walter and Rouvoy, Romain},
  BOOKTITLE = {{IEEE S\&P 2018 - 39th IEEE Symposium on Security and Privacy}},
  ADDRESS = {San Francisco, United States},
  PUBLISHER = {{IEEE}},
  SERIES = {Proceedings of the 39th IEEE Symposium on Security and Privacy (S\&P)},
  PAGES = {728-741},
  EDITOR = {Bryan Parno and Christopher Kruegel},
  YEAR = {2018},
  MONTH = May,
  DOI = {10.1109/SP.2018.00008},
  URL = {https://hal.inria.fr/hal-01652021},
  PDF = {https://hal.inria.fr/hal-01652021/document},
  HAL_ID = {hal-01652021},
  HAL_VERSION = {v1},
  X-PROCEEDINGS = {yes},
  X-INTERNATIONAL-AUDIENCE = {yes},
  X-EDITORIAL-BOARD = {yes},
  X-INVITED-CONFERENCE = {no},
  X-SCIENTIFIC-POPULARIZATION = {no},
}
 %% 
@article{bousse:hal-01662336,
  TITLE = {{Omniscient Debugging for Executable DSLs}},
  AUTHOR = {Bousse, Erwan and Leroy, Dorian and Combemale, Benoit and Wimmer, Manuel and Baudry, Benoit},
  JOURNAL = {{Journal of Systems and Software}},
  PUBLISHER = {{Elsevier}},
  VOLUME = {137},
  PAGES = {261-288},
  YEAR = {2018},
  MONTH = Mar,
  DOI = {10.1016/j.jss.2017.11.025},
  URL = {https://hal.inria.fr/hal-01662336},
  PDF = {https://hal.inria.fr/hal-01662336/document},
  HAL_ID = {hal-01662336},
  HAL_VERSION = {v1},
  X-INTERNATIONAL-AUDIENCE = {yes},
  X-EDITORIAL-BOARD = {yes},
  X-SCIENTIFIC-POPULARIZATION = {no},
}
 %% 
@phdthesis{corre:tel-01943728,
  TITLE = {{User controlled trust and security level of Web real-time communications}},
  AUTHOR = {Corre, Kevin},
  NUMBER = {2018REN1S029},
  SCHOOL = {{Université Rennes 1}},
  YEAR = {2018},
  MONTH = May,
  TYPE = {Theses},
  URL = {https://tel.archives-ouvertes.fr/tel-01943728},
  PDF = {https://tel.archives-ouvertes.fr/tel-01943728/document},
  HAL_ID = {tel-01943728},
  HAL_VERSION = {v1},
}
 %% 
@article{kienzle:hal-01949050,
  TITLE = {{A Unifying Framework for Homogeneous Model Composition}},
  AUTHOR = {Kienzle, Jörg and Mussbacher, Gunter and Combemale, Benoit and Deantoni, Julien},
  JOURNAL = {{Software \& Systems Modeling (SoSyM)}},
  PUBLISHER = {{Springer}},
  X-TOAPPEAR_PUBDATE = {yes},
  YEAR = {2018},
  URL = {https://hal.inria.fr/hal-01949050},
  PDF = {https://hal.inria.fr/hal-01949050/document},
  HAL_ID = {hal-01949050},
  HAL_VERSION = {v1},
  X-INTERNATIONAL-AUDIENCE = {yes},
  X-EDITORIAL-BOARD = {yes},
  X-SCIENTIFIC-POPULARIZATION = {no},
}
 %% 
@inproceedings{bordeleau:hal-01958443,
  TITLE = {{Tool-Support of Socio-Technical Coordination in the Context of Heterogeneous Modeling: A Research Statement and Associated Roadmap}},
  AUTHOR = {Bordeleau, Francis and Combemale, Benoit and Eramo, Romina and Brand, Mark Van Den and Wimmer, Manuel},
  BOOKTITLE = {{GEMOC 2018}},
  ADDRESS = {Copenhagen, Denmark},
  YEAR = {2018},
  URL = {https://hal.inria.fr/hal-01958443},
  PDF = {https://hal.inria.fr/hal-01958443/document},
  HAL_ID = {hal-01958443},
  HAL_VERSION = {v1},
  X-PROCEEDINGS = {yes},
  X-INTERNATIONAL-AUDIENCE = {yes},
  X-EDITORIAL-BOARD = {yes},
  X-INVITED-CONFERENCE = {no},
  X-SCIENTIFIC-POPULARIZATION = {no},
}
 %% 
@article{alferez:hal-01688247,
  TITLE = {{Modeling Variability in the Video Domain: Language and Experience Report}},
  AUTHOR = {Alférez, Mauricio and Acher, Mathieu and Galindo, José A and Baudry, Benoit and Benavides, David},
  JOURNAL = {{Software Quality Journal}},
  PUBLISHER = {{Springer Verlag}},
  PAGES = {1-41},
  YEAR = {2018},
  MONTH = Jan,
  DOI = {10.1007/s11219-017-9400-8},
  URL = {https://hal.inria.fr/hal-01688247},
  PDF = {https://hal.inria.fr/hal-01688247/document},
  HAL_ID = {hal-01688247},
  HAL_VERSION = {v1},
  X-INTERNATIONAL-AUDIENCE = {yes},
  X-EDITORIAL-BOARD = {yes},
  X-SCIENTIFIC-POPULARIZATION = {no},
}
 %% 
@article{benelallam:hal-01863885,
  TITLE = {{Distributing Relational Model Transformation on MapReduce}},
  AUTHOR = {Benelallam, Amine and Gómez, Abel and Tisi, Massimo and Cabot, Jordi},
  JOURNAL = {{Journal of Systems and Software}},
  PUBLISHER = {{Elsevier}},
  VOLUME = {142},
  PAGES = {1-20},
  YEAR = {2018},
  MONTH = Apr,
  DOI = {10.1016/j.jss.2018.04.014},
  URL = {https://hal.archives-ouvertes.fr/hal-01863885},
  PDF = {https://hal.archives-ouvertes.fr/hal-01863885/document},
  HAL_ID = {hal-01863885},
  HAL_VERSION = {v1},
  X-INTERNATIONAL-AUDIENCE = {yes},
  X-EDITORIAL-BOARD = {yes},
  X-SCIENTIFIC-POPULARIZATION = {no},
}
 %% 
@article{danglot:hal-01923575,
  TITLE = {{Automatic Test Improvement with DSpot: a Study with Ten Mature Open-Source Projects}},
  AUTHOR = {Danglot, Benjamin and Luis Vera-Pérez, Oscar and Baudry, Benoit and Monperrus, Martin},
  JOURNAL = {{Empirical Software Engineering}},
  PUBLISHER = {{Springer Verlag}},
  PAGES = {1-35},
  X-TOAPPEAR_PUBDATE = {yes},
  YEAR = {2018},
  URL = {https://hal.inria.fr/hal-01923575},
  PDF = {https://hal.inria.fr/hal-01923575/document},
  HAL_ID = {hal-01923575},
  HAL_VERSION = {v1},
  X-INTERNATIONAL-AUDIENCE = {yes},
  X-EDITORIAL-BOARD = {yes},
  X-SCIENTIFIC-POPULARIZATION = {no},
}
 %% 
@article{danglot:hal-01378523,
  TITLE = {{Correctness Attraction: A Study of Stability of Software Behavior Under Runtime Perturbation}},
  AUTHOR = {Danglot, Benjamin and Preux, Philippe and Baudry, Benoit and Monperrus, Martin},
  JOURNAL = {{Empirical Software Engineering}},
  PUBLISHER = {{Springer Verlag}},
  VOLUME = {23},
  NUMBER = {4},
  PAGES = {2086–2119},
  YEAR = {2018},
  MONTH = Aug,
  DOI = {10.1007/s10664-017-9571-8},
  URL = {https://hal.archives-ouvertes.fr/hal-01378523},
  NOTE = {\url{https://arxiv.org/abs/1611.09187}},
  PDF = {https://hal.archives-ouvertes.fr/hal-01378523v3/document},
  HAL_ID = {hal-01378523},
  HAL_VERSION = {v3},
  X-INTERNATIONAL-AUDIENCE = {yes},
  X-EDITORIAL-BOARD = {yes},
  X-SCIENTIFIC-POPULARIZATION = {no},
}
 %% 
@article{halin:hal-01829928,
  TITLE = {{Test them all, is it worth it? Assessing configuration sampling on the JHipster Web development stack}},
  AUTHOR = {Halin, Axel and Nuttinck, Alexandre and Acher, Mathieu and Devroey, Xavier and Perrouin, Gilles and Baudry, Benoit},
  JOURNAL = {{Empirical Software Engineering}},
  PUBLISHER = {{Springer Verlag}},
  PAGES = {1–44},
  YEAR = {2018},
  MONTH = Jul,
  DOI = {10.1007/s10664-018-9635-4},
  URL = {https://hal.inria.fr/hal-01829928},
  NOTE = {\url{https://arxiv.org/abs/1710.07980}},
  HAL_ID = {hal-01829928},
  HAL_VERSION = {v1},
  X-INTERNATIONAL-AUDIENCE = {yes},
  X-EDITORIAL-BOARD = {yes},
  X-SCIENTIFIC-POPULARIZATION = {no},
}
 %% 
@article{veraperez:hal-01867423,
  TITLE = {{A Comprehensive Study of Pseudo-tested Methods}},
  AUTHOR = {Vera-Pérez, Oscar Luis and Danglot, Benjamin and Monperrus, Martin and Baudry, Benoit},
  JOURNAL = {{Empirical Software Engineering}},
  PUBLISHER = {{Springer Verlag}},
  PAGES = {1-33},
  YEAR = {2018},
  DOI = {10.1007/s10664-018-9653-2},
  URL = {https://hal.inria.fr/hal-01867423},
  PDF = {https://hal.inria.fr/hal-01867423v2/document},
  HAL_ID = {hal-01867423},
  HAL_VERSION = {v2},
  X-INTERNATIONAL-AUDIENCE = {yes},
  X-EDITORIAL-BOARD = {yes},
  X-SCIENTIFIC-POPULARIZATION = {no},
}
 %% 
@phdthesis{lemoulec:tel-01959918,
  TITLE = {{Model driven synthesis of virtual reality applications}},
  AUTHOR = {Le Moulec, Gwendal},
  NUMBER = {2018ISAR0010},
  SCHOOL = {{INSA de Rennes}},
  YEAR = {2018},
  MONTH = Sep,
  TYPE = {Theses},
  URL = {https://tel.archives-ouvertes.fr/tel-01959918},
  PDF = {https://tel.archives-ouvertes.fr/tel-01959918/document},
  HAL_ID = {tel-01959918},
  HAL_VERSION = {v1},
}

%% DIVERSE
%% Date: Thu Dec 20 11:38:26 CET 2018
%% Source: http://haltools.inria.fr/
%% This document is a bibtex export of HAL publications for the RAweb
