%%%
%%% Nouvauté 2016 : Décommentez les publications principales que vous voulez afficher dans votre RA (Remplacer la chaine AROBAS_ par le caractère arobase). Vous pouvez rajouter de nouvelles publications.
%%%
%% This BibTeX bibliography file was created using BibDesk.
%% http://bibdesk.sourceforge.net/


%% Created for Gerson Sunye at 2010-12-01 16:52:50 +0100 


%% Saved with string encoding Unicode (UTF-8)    

@inproceedings{rodriguezcancio:hal-01343818,
	TITLE = {{Automatic Microbenchmark Generation to Prevent Dead Code Elimination and Constant Folding}},
	AUTHOR = {Rodriguez-Cancio, Marcelino and Combemale, Benoit and Baudry, Benoit},
	BOOKTITLE = {{Proc. of the Int. Conf. on Automated Software Engineering (ASE)}},
	YEAR = {2016},
	MONTH = Sep,
	URL = {https://hal.inria.fr/hal-01343818},
	PDF = {https://hal.inria.fr/hal-01343818/document},
	HAL_ID = {hal-01343818},
	HAL_VERSION = {v1},
	X-PROCEEDINGS = {yes},
	X-INTERNATIONAL-AUDIENCE = {yes},
	X-EDITORIAL-BOARD = {yes},
	X-INVITED-CONFERENCE = {no},
	X-SCIENTIFIC-POPULARIZATION = {no},
}

@inproceedings{laperdrix:hal-01285470,
  TITLE = {{Beauty and the Beast: Diverting modern web browsers to build unique browser fingerprints}},
  AUTHOR = {Laperdrix, Pierre and Rudametkin, Walter and Baudry, Benoit},
  BOOKTITLE = {{Proc. of the Symp. on Security and Privacy (S\&P)}},
  YEAR = {2016},
  MONTH = May,
  URL = {https://hal.inria.fr/hal-01285470}
}

@article{baudry:hal-01182103,
	TITLE = {{The Multiple Facets of Software Diversity: Recent Developments in Year 2000 and Beyond}},
	AUTHOR = {Baudry, Benoit and Monperrus, Martin},
	JOURNAL = {{ACM Computing Surveys}},
	PUBLISHER = {{Association for Computing Machinery}},
  volume = {48},
  number={1},
  year={2015},
  pages={16:1--16:26},
	URL = {https://hal.inria.fr/hal-01182103},
	PDF = {https://hal.inria.fr/hal-01182103/document},
	HAL_ID = {hal-01182103},
	HAL_VERSION = {v1},
	X-INTERNATIONAL-AUDIENCE = {yes},
	X-EDITORIAL-BOARD = {yes},
	X-SCIENTIFIC-POPULARIZATION = {no},
}


@article{blouin:hal-01120558,
	TITLE = {{Assessing the Use of Slicing-based Visualizing Techniques on the Understanding of Large Metamodels}},
	AUTHOR = {Blouin, Arnaud and Moha, Naouel and Baudry, Benoit and Sahraoui, Houari and J{\'e}z{\'e}quel, Jean-Marc},
	JOURNAL = {{Information and Software Technology}},
	PUBLISHER = {{Elsevier}},
	VOLUME = {62},
	PAGES = {124 - 142},
	YEAR = {2015},
	DOI = {10.1016/j.infsof.2015.02.007},
	URL = {https://hal.inria.fr/hal-01120558},
	PDF = {https://hal.inria.fr/hal-01120558/document},
	HAL_ID = {hal-01120558},
	HAL_VERSION = {v1},
	X-INTERNATIONAL-AUDIENCE = {yes},
	X-EDITORIAL-BOARD = {yes},
	X-SCIENTIFIC-POPULARIZATION = {no},
}

@inproceedings{degueule:hal-01197038,
	TITLE = {{Melange: A Meta-language for Modular and Reusable Development of DSLs}},
	AUTHOR = {Degueule, Thomas and Combemale, Benoit and Blouin, Arnaud and Barais, Olivier and J{\'e}z{\'e}quel, Jean-Marc},
	BOOKTITLE = {{Proc. of the Int. Conf. on Software Language Engineering (SLE)}},
	YEAR = {2015},
	MONTH = Oct,
	URL = {https://hal.inria.fr/hal-01197038},
	PDF = {https://hal.inria.fr/hal-01197038/document},
	HAL_ID = {hal-01197038},
	HAL_VERSION = {v1},
	X-PROCEEDINGS = {yes},
	X-INTERNATIONAL-AUDIENCE = {yes},
	X-EDITORIAL-BOARD = {yes},
	X-INVITED-CONFERENCE = {no},
	X-SCIENTIFIC-POPULARIZATION = {no},
}

@article{jezequel:hal-00829839,
	TITLE = {{Mashup of Meta-Languages and its Implementation in the Kermeta Language Workbench}},
	AUTHOR = {J{\'e}z{\'e}quel, Jean-Marc and Combemale, Benoit and Barais, Olivier and Monperrus, Martin and Fouquet, Fran{\c c}ois},
	JOURNAL = {{Software and Systems Modeling}},
	PUBLISHER = {{Springer Verlag}},
	VOLUME = {14},
	NUMBER = {2},
	PAGES = {905-920},
	YEAR = {2015},
	URL = {https://hal.inria.fr/hal-00829839},
	PDF = {https://hal.inria.fr/hal-00829839/document},
	HAL_ID = {hal-00829839},
	HAL_VERSION = {v1},
	X-INTERNATIONAL-AUDIENCE = {yes},
	X-EDITORIAL-BOARD = {yes},
	X-SCIENTIFIC-POPULARIZATION = {no},
}

@inproceedings{becan,
	TITLE = {{Automating the Formalization of Product Comparison Matrices}},
	AUTHOR = {B{\'e}can, Guillaume and Sannier, Nicolas and Acher, Mathieu and Barais, Olivier and Blouin, Arnaud and Baudry, Benoit},
	BOOKTITLE = {{Proc. of the Int. Conf. on Automated Software Engineering (ASE)}},
	YEAR = {2014},
	MONTH = Sep,
	DOI = {10.1145/2642937.2643000},
	URL = {https://hal.inria.fr/hal-01058440}
}



@article{becan:hal-01096969,
  TITLE = {{Breathing Ontological Knowledge Into Feature Model Synthesis: An Empirical Study}},
  AUTHOR = {B{\'e}can, Guillaume and Acher, Mathieu and Baudry, Benoit and Ben Nasr, Sana},
  JOURNAL = {{Empirical Software Engineering}},
  PUBLISHER = {{Springer Verlag}},
volume="21",
number="4",
pages="1794--1841",
  YEAR = {2015},
  DOI = {10.1007/s10664-014-9357-1},
  URL = {https://hal.inria.fr/hal-01096969},
  PDF = {https://hal.inria.fr/hal-01096969/document},
  HAL_ID = {hal-01096969},
  HAL_VERSION = {v1},
  X-INTERNATIONAL-AUDIENCE = {yes},
  X-EDITORIAL-BOARD = {yes},
  X-SCIENTIFIC-POPULARIZATION = {no},
}

@inproceedings{galindoduarte:hal-01003148,
  TITLE = {{A Variability-Based Testing Approach for Synthesizing Video Sequences}},
  AUTHOR = {Galindo Duarte, Jos{\'e} Angel and Alferez, Mauricio and Acher, Mathieu and Baudry, Benoit and Benavides, David},
  BOOKTITLE = {{Proc. of the Int. Symp. on Software Testing and Analysis (ISSTA)}},
  YEAR = {2014},
  MONTH = Jul,
  URL = {https://hal.inria.fr/hal-01003148},
  PDF = {https://hal.inria.fr/hal-01003148v3/document},
  HAL_ID = {hal-01003148},
  HAL_VERSION = {v3},
  X-PROCEEDINGS = {yes},
  X-INTERNATIONAL-AUDIENCE = {yes},
  X-EDITORIAL-BOARD = {yes},
  X-INVITED-CONFERENCE = {no},
  X-SCIENTIFIC-POPULARIZATION = {no},
}

@inproceedings{davril:hal-00859475,
  TITLE = {{Feature Model Extraction from Large Collections of Informal Product Descriptions}},
  AUTHOR = {Davril, Jean-Marc and Delfosse, Edouard and Hariri, Negar and Acher, Mathieu and Clelang-Huang, Jane and Heymans, Patrick},
  BOOKTITLE = {{Proc. of the Europ. Software Engineering Conf. and the ACM SIGSOFT Symp. on the Foundations of Software Engineering (ESEC/FSE)}},  PAGES = {290-300},
  YEAR = {2013},
  MONTH = Sep,
  DOI = {10.1145/2491411.2491455},
  URL = {https://hal.inria.fr/hal-00859475},
  PDF = {https://hal.inria.fr/hal-00859475/document},
  HAL_ID = {hal-00859475},
  HAL_VERSION = {v1},
  X-PROCEEDINGS = {yes},
  X-INTERNATIONAL-AUDIENCE = {yes},
  X-EDITORIAL-BOARD = {yes},
  X-INVITED-CONFERENCE = {no},
  X-SCIENTIFIC-POPULARIZATION = {no},
}

@article{combemale:hal-00994551,
	TITLE = {{Globalizing Modeling Languages}},
	AUTHOR = {Combemale, Benoit and Deantoni, Julien and Baudry, Benoit and France, Robert B. and J{\'e}z{\'e}quel, Jean-Marc and Gray, Jeff},
	JOURNAL = {{IEEE Computer}},
	PUBLISHER = {{Institute of Electrical and Electronics Engineers}},
	PAGES = {10-13},
	YEAR = {2014},
	MONTH = Jun,
	URL = {https://hal.inria.fr/hal-00994551},
	PDF = {https://hal.inria.fr/hal-00994551/document},
	HAL_ID = {hal-00994551},
	HAL_VERSION = {v1},
	X-INTERNATIONAL-AUDIENCE = {yes},
	X-EDITORIAL-BOARD = {yes},
	X-SCIENTIFIC-POPULARIZATION = {no},
}


%% SLE (A Valider)





@inproceedings{combemale:hal-00850770,
  TITLE = {{Reifying Concurrency for Executable Metamodeling}},
  AUTHOR = {Combemale, Benoit and Deantoni, Julien and Vara Larsen, Matias Ezequiel and Mallet, Fr{\'e}d{\'e}ric and Barais, Olivier and Baudry, Benoit and France, Robert},
  BOOKTITLE = {{Proc. of the Int. Conf. on Software Language Engineering}},
  PAGES = {365-384},
  YEAR = {2013},
  MONTH = Oct,
  DOI = {10.1007/978-3-319-02654-1\_20},
  URL = {https://hal.inria.fr/hal-00850770},
  PDF = {https://hal.inria.fr/hal-00850770v2/document},
  HAL_ID = {hal-00850770},
  HAL_VERSION = {v2},
  X-PROCEEDINGS = {yes},
  X-INTERNATIONAL-AUDIENCE = {yes},
  X-EDITORIAL-BOARD = {yes},
  X-INVITED-CONFERENCE = {no},
  X-SCIENTIFIC-POPULARIZATION = {no},
}


@article{gonzalezherrera:hal-01354999,
  TITLE = {{ScapeGoat: Spotting abnormal resource usage in component-based reconfigurable software systems}},
  AUTHOR = {Gonzalez-Herrera, Inti and Bourcier, Johann and Daubert, Erwan and Rudametkin, Walter and Barais, Olivier and Fouquet, Fran{\c c}ois and J{\'e}z{\'e}quel, Jean-Marc and Baudry, Benoit},
  URL = {https://hal.inria.fr/hal-01354999},
  JOURNAL = {{Journal of Systems and Software}},
  PUBLISHER = {{Elsevier}},
  YEAR = {2016},
  DOI = {10.1016/j.jss.2016.02.027},
  PDF = {https://hal.inria.fr/hal-01354999/file/jss.pdf},
  HAL_ID = {hal-01354999},
  HAL_VERSION = {v1},
}


@inproceedings{tricoire:hal-01354997,
  TITLE = {{KevoreeJS: Enabling Dynamic Software Reconfigurations in the Browser}},
  AUTHOR = {Tricoire, Maxime and Barais, Olivier and Leduc, Manuel and Bourcier, Johann and Fouquet, Fran{\c c}ois and Nain, Gr{\'e}gory and Ludovic, Mouline and Suny{\'e}, Gerson and Morin, Brice},
  URL = {https://hal.inria.fr/hal-01354997},
  BOOKTITLE = {{Proc. of WICSA and CompArch}},
  YEAR = {2016},
  MONTH = Apr,
  DOI = {10.1109/CBSE.2016.20},
  KEYWORDS = {Web Engineering ; Dynamic component model ; Single page application},
  PDF = {https://hal.inria.fr/hal-01354997/file/cbse2016.pdf},
  HAL_ID = {hal-01354997},
  HAL_VERSION = {v1},
}  
@inproceedings{boussaa:hal-01344835,
  TITLE = {{NOTICE: A Framework for Non-functional Testing of Compilers}},
  AUTHOR = {Boussaa, Mohamed and Barais, Olivier and Baudry, Benoit and Suny{\'e}, Gerson},
  BOOKTITLE = {{Proc. of the Int. Conf. on Software Quality, Reliability \& Security (QRS)}},
  YEAR = {2016},
  MONTH = Aug,
  URL = {https://hal.archives-ouvertes.fr/hal-01344835},
  PDF = {https://hal.archives-ouvertes.fr/hal-01344835/document},
  HAL_ID = {hal-01344835},
  HAL_VERSION = {v1},
  X-PROCEEDINGS = {yes},
  X-INTERNATIONAL-AUDIENCE = {yes},
  X-EDITORIAL-BOARD = {yes},
  X-INVITED-CONFERENCE = {no},
  X-SCIENTIFIC-POPULARIZATION = {no},
}


   


%
%%%
%%% Nouvauté 2016 : Décommentez les publications principales que vous voulez afficher dans votre RA (Remplacer la chaine AROBAS_ par le caractère arobase). Vous pouvez rajouter de nouvelles publications.
%%%
